<record><leader>00000cas a22000007a 4500</leader><controlfield tag="001">27905848</controlfield><controlfield tag="008">930413d18771879ctuwr ne      0    0eng d</controlfield><datafield ind1=" " ind2=" " tag="010"><subfield code="a">sn 93053927 </subfield></datafield><datafield ind1=" " ind2=" " tag="040"><subfield code="a">CNW</subfield><subfield code="b">eng</subfield><subfield code="c">CNW</subfield><subfield code="d">OCLCQ</subfield></datafield><datafield ind1=" " ind2=" " tag="042"><subfield code="a">msc</subfield></datafield><datafield ind1="0" ind2="0" tag="245"><subfield code="a">Willimantic enterprise.</subfield></datafield><datafield ind1=" " ind2=" " tag="260"><subfield code="a">Willimantic, Conn. :</subfield><subfield code="b">Enterprise Print. Co.</subfield></datafield><datafield ind1=" " ind2=" " tag="300"><subfield code="a">v.</subfield></datafield><datafield ind1=" " ind2=" " tag="310"><subfield code="a">Weekly</subfield></datafield><datafield ind1="0" ind2=" " tag="362"><subfield code="a">Vol. 1, no. 1 (Jan. 4, 1877)-v. 3, no. 47 (Nov. 25, 1879).</subfield></datafield><datafield ind1=" " ind2=" " tag="530"><subfield code="a">Available on microfilm from University Microfilms International.</subfield></datafield><datafield ind1=" " ind2="4" tag="651"><subfield code="a">Willimantic (Conn.)</subfield><subfield code="v">Newspapers.</subfield></datafield><datafield ind1=" " ind2="4" tag="651"><subfield code="a">Windham (Conn.)</subfield><subfield code="v">Newspapers.</subfield></datafield><datafield ind1=" " ind2=" " tag="752"><subfield code="a">United States</subfield><subfield code="b">Connecticut</subfield><subfield code="c">Windham</subfield><subfield code="d">Willimantic.</subfield></datafield><datafield ind1="0" ind2="0" tag="785"><subfield code="t">Willimantic chronicle</subfield><subfield code="w">(DLC)sn 85033001</subfield><subfield code="w">(OCoLC)11561632</subfield></datafield><datafield ind1="1" ind2=" " tag="029"><subfield code="a">AU@</subfield><subfield code="b">000020738146</subfield></datafield></record>